% Encoding: UTF-8

% GOSSIP PROTOCOL %

@inproceedings{Demers1987,
  title     = {Epidemic algorithms for replicated database maintenance},
  author    = {Demers, Alan and Greene, Dan and Hauser, Carl and Irish, Wes and Larson, John and Shenker, Scott and Sturgis, Howard and Swinehart, Dan and Terry, Doug},
  booktitle = {Proceedings of the sixth annual ACM Symposium on Principles of distributed computing},
  pages     = {1--12},
  year      = {1987}
}

@article{Bakhshi2007,
  title     = {Formal analysis techniques for gossiping protocols},
  author    = {Bakhshi, Rena and Bonnet, Fran{\c{c}}ois and Fokkink, Wan and Haverkort, Boudewijn},
  journal   = {ACM SIGOPS Operating Systems Review},
  volume    = {41},
  number    = {5},
  pages     = {28--36},
  year      = {2007},
  publisher = {ACM New York, NY, USA}
}

@article{Kermarrec2007,
  title     = {Gossiping in distributed systems},
  author    = {Kermarrec, Anne-Marie and Van Steen, Maarten},
  journal   = {ACM SIGOPS operating systems review},
  volume    = {41},
  number    = {5},
  pages     = {2--7},
  year      = {2007},
  publisher = {ACM New York, NY, USA}
}

@article{Montresor2017,
  title     = {Gossip and epidemic protocols},
  author    = {Montresor, Alberto},
  journal   = {Wiley encyclopedia of electrical and electronics engineering},
  volume    = {1},
  year      = {2017},
  publisher = {John Wiley \& Sons, Inc}
}

@article{Friedman2009,
  title     = {Gossip-based dissemination},
  author    = {Friedman, Roy and Kermarrec, Anne-Marie and Miranda, Hugo and Rodrigues, Lu{\'\i}s},
  journal   = {Middleware for Network Eccentric and Mobile Applications},
  pages     = {169--190},
  year      = {2009},
  publisher = {Springer}
}

@mastersthesis{Leitao2007,
  title  = {Gossip-based broadcast protocols},
  author = {Leitao, Joao},
  year   = {2007},
  school = {Master’s thesis, University of Lisbon}
}

@inproceedings{Karp2000,
  title        = {Randomized rumor spreading},
  author       = {Karp, Richard and Schindelhauer, Christian and Shenker, Scott and Vocking, Berthold},
  booktitle    = {Proceedings 41st Annual Symposium on Foundations of Computer Science},
  pages        = {565--574},
  year         = {2000},
  organization = {IEEE}
}

@phdthesis{Leitao2012,
  title   = {Topology Management for Unstructured Overlay Networks},
  author  = {Leitao, Joao},
  journal = {Technical University of Lisbon},
  year    = {2012}
}

@inproceedings{Koldehofe2003,
  title        = {Buffer management in probabilistic peer-to-peer communication protocols},
  author       = {Koldehofe, Boris},
  booktitle    = {22nd International Symposium on Reliable Distributed Systems, 2003. Proceedings.},
  pages        = {76--85},
  year         = {2003},
  organization = {IEEE}
}

@inproceedings{Carvalho2007,
  title        = {Emergent structure in unstructured epidemic multicast},
  author       = {Carvalho, Nuno and Pereira, Jose and Oliveira, Rui and Rodrigues, Luis},
  booktitle    = {37th Annual IEEE/IFIP International Conference on Dependable Systems and Networks (DSN'07)},
  pages        = {481--490},
  year         = {2007},
  organization = {IEEE}
}

@inproceedings{Leitao2007Tree,
  title        = {Epidemic broadcast trees},
  author       = {Leitao, Joao and Pereira, Jose and Rodrigues, Luis},
  booktitle    = {2007 26th IEEE International Symposium on Reliable Distributed Systems (SRDS 2007)},
  pages        = {301--310},
  year         = {2007},
  organization = {IEEE}
}

@inproceedings{Pereira2003,
  title        = {Neem: Network-friendly epidemic multicast},
  author       = {Pereira, Jos{\'e} and do Minho, U and Rodrigues, L and De Lisboa, U and Monteiro, MJ and Oliveira, R and Kermarrec, A-M},
  booktitle    = {22nd International Symposium on Reliable Distributed Systems, 2003. Proceedings.},
  pages        = {15--24},
  year         = {2003},
  organization = {IEEE}
}

@inproceedings{Frey2009,
  title        = {Heterogeneous Gossip.},
  author       = {Frey, Davide and Guerraoui, Rachid and Kermarrec, Anne-Marie and Koldehofe, Boris and Mogensen, Martin and Monod, Maxime and Qu{\'e}ma, Vivien},
  booktitle    = {Middleware},
  volume       = {9},
  pages        = {1--20},
  year         = {2009},
  organization = {Springer}
}

@inproceedings{Patel2006,
  title        = {JetStream: Achieving predictable gossip dissemination by leveraging social network principles},
  author       = {Patel, Jay A and Gupta, Indranil and Contractor, Noshir},
  booktitle    = {Fifth IEEE International Symposium on Network Computing and Applications (NCA'06)},
  pages        = {32--39},
  year         = {2006},
  organization = {IEEE}
}

@article{Meister1985,
  title     = {Connection-oriented versus connectionless protocols: A performance study},
  author    = {Meister, Bernd Werner and Janson, Philippe A and Svobodova, Liba},
  journal   = {IEEE transactions on computers},
  volume    = {100},
  number    = {12},
  pages     = {1164--1173},
  year      = {1985},
  publisher = {IEEE}
}

@inproceedings{Gavidia2006,
  title     = {A gossip-based distributed news service for wireless mesh networks},
  author    = {Gavidia, Daniela and Voulgaris, Spyros and Van Steen, Maarten},
  booktitle = {WONS 2006: Third Annual Conference on Wireless On-demand Network Systems and Services},
  pages     = {59--67},
  year      = {2006}
}

@article{Zhang2018,
  title     = {Spectrum sharing for Internet of Things: A survey},
  author    = {Zhang, Lin and Liang, Ying-Chang and Xiao, Ming},
  journal   = {IEEE Wireless Communications},
  volume    = {26},
  number    = {3},
  pages     = {132--139},
  year      = {2018},
  publisher = {IEEE}
}

@inproceedings{Chandra2001,
  title        = {Anonymous gossip: Improving multicast reliability in mobile ad-hoc networks},
  author       = {Chandra, Ranveer and Ramasubramanian, Venugopalan and Birman, Kenneth},
  booktitle    = {Proceedings 21st International Conference on Distributed Computing Systems},
  pages        = {275--283},
  year         = {2001},
  organization = {IEEE}
}

@article{Birman2007,
  title     = {The promise, and limitations, of gossip protocols},
  author    = {Birman, Ken},
  journal   = {ACM SIGOPS Operating Systems Review},
  volume    = {41},
  number    = {5},
  pages     = {8--13},
  year      = {2007},
  publisher = {ACM New York, NY, USA}
}

% WIRELESS SENSOR NETWORKS %

@article{Wang2010,
  title     = {Wireless sensor networks-an introduction},
  author    = {Wang, Qinghua and Balasingham, Ilangko},
  journal   = {Wireless sensor networks: application-centric design},
  pages     = {1--14},
  year      = {2010},
  publisher = {InTech London, UK}
}

@article{Akyildiz2002,
  title     = {Wireless sensor networks: a survey},
  author    = {Akyildiz, Ian F and Su, Weilian and Sankarasubramaniam, Yogesh and Cayirci, Erdal},
  journal   = {Computer networks},
  volume    = {38},
  number    = {4},
  pages     = {393--422},
  year      = {2002},
  publisher = {Elsevier}
}

@article{Matin2012,
  title     = {Overview of wireless sensor network},
  author    = {Matin, Mohammad Abdul and Islam, MM},
  journal   = {Wireless sensor networks-technology and protocols},
  volume    = {1},
  number    = {3},
  year      = {2012},
  publisher = {InTech Rijeka, Croatia}
}

@article{Yick2008,
  title     = {Wireless sensor network survey},
  author    = {Yick, Jennifer and Mukherjee, Biswanath and Ghosal, Dipak},
  journal   = {Computer networks},
  volume    = {52},
  number    = {12},
  pages     = {2292--2330},
  year      = {2008},
  publisher = {Elsevier}
}

@article{Lewis2004,
  title     = {Wireless sensor networks},
  author    = {Lewis, Frank L},
  journal   = {Smart environments: technologies, protocols, and applications},
  pages     = {11--46},
  year      = {2004},
  publisher = {Wiley Online Library}
}

@article{Yadav2012,
  title     = {Wireless sensor networks-architectures, protocols, simulators and applications: a survey},
  author    = {Yadav, SGSP and Chitra, A},
  journal   = {International Journal of Electronics and Computer Science Engineering},
  volume    = {1},
  number    = {4},
  pages     = {1941--1953},
  year      = {2012},
  publisher = {Citeseer}
}

@article{Khan2016,
  title   = {Comparison among short range wireless networks: Bluetooth, Zig Bee \& Wi-Fi},
  author  = {Khan, Md Abbas Ali and Kabir, Md Alamgir},
  journal = {Daffodil International University Journal of Science \&Technology},
  volume  = {11},
  number  = {1},
  year    = {2016}
}

@article{Sidhu2007,
  title     = {Emerging wireless standards-wifi, zigbee and wimax},
  author    = {Sidhu, Bhavneet and Singh, Hardeep and Chhabra, Amit},
  journal   = {World Academy of Science, Engineering and Technology},
  volume    = {25},
  number    = {2007},
  pages     = {308--313},
  year      = {2007},
  publisher = {Citeseer}
}

@article{Nelson2020,
  title     = {Wireless technologies for implantable devices},
  author    = {Nelson, Bradley D and Karipott, Salil Sidharthan and Wang, Yvonne and Ong, Keat Ghee},
  journal   = {Sensors},
  volume    = {20},
  number    = {16},
  pages     = {4604},
  year      = {2020},
  publisher = {MDPI}
}

@article{Khorov2018,
  title     = {A tutorial on IEEE 802.11 ax high efficiency WLANs},
  author    = {Khorov, Evgeny and Kiryanov, Anton and Lyakhov, Andrey and Bianchi, Giuseppe},
  journal   = {IEEE Communications Surveys \& Tutorials},
  volume    = {21},
  number    = {1},
  pages     = {197--216},
  year      = {2018},
  publisher = {IEEE}
}

@article{Oughton2021,
  title     = {Revisiting wireless internet connectivity: 5G vs Wi-Fi 6},
  author    = {Oughton, Edward J and Lehr, William and Katsaros, Konstantinos and Selinis, Ioannis and Bubley, Dean and Kusuma, Julius},
  journal   = {Telecommunications Policy},
  volume    = {45},
  number    = {5},
  pages     = {102127},
  year      = {2021},
  publisher = {Elsevier}
}

@article{Wang2021,
  title   = {Bluetooth 5.2 Technology and Application},
  author  = {Wang, Jian and Liang, Hui},
  journal = {International Journal of Advanced Network, Monitoring and Controls},
  volume  = {6},
  number  = {2},
  pages   = {32--36},
  year    = {2021}
}

@inproceedings{Lee2007,
  title        = {A comparative study of wireless protocols: Bluetooth, UWB, ZigBee, and Wi-Fi},
  author       = {Lee, Jin-Shyan and Su, Yu-Wei and Shen, Chung-Chou},
  booktitle    = {IECON 2007-33rd Annual Conference of the IEEE Industrial Electronics Society},
  pages        = {46--51},
  year         = {2007},
  organization = {Ieee}
}

@inproceedings{Cope2017,
  title        = {An investigation of Bluetooth security vulnerabilities},
  author       = {Cope, Peter and Campbell, Joseph and Hayajneh, Thaier},
  booktitle    = {2017 IEEE 7th annual computing and communication workshop and conference (CCWC)},
  pages        = {1--7},
  year         = {2017},
  organization = {IEEE}
}

@article{Khan2016,
  title   = {Comparison among short range wireless networks: Bluetooth, Zig Bee \& Wi-Fi},
  author  = {Khan, Md Abbas Ali and Kabir, Md Alamgir},
  journal = {Daffodil International University Journal of Science \&Technology},
  volume  = {11},
  number  = {1},
  year    = {2016}
}

@mastersthesis{Costa2018,
  title  = {Practical aggregation in the edge},
  author = {Costa, Pedro {\'A}kos Horv{\'a}th Filipe da},
  year   = {2018}
}

@inproceedings{Ramya2011,
  title        = {Study on ZigBee technology},
  author       = {Ramya, C Muthu and Shanmugaraj, M and Prabakaran, R},
  booktitle    = {2011 3rd international conference on electronics computer technology},
  volume       = {6},
  pages        = {297--301},
  year         = {2011},
  organization = {IEEE}
}

@article{Kaushal2014,
  title     = {ZigBee based wireless sensor networks},
  author    = {Kaushal, Kanchan and Kaur, Taranvir and Kaur, Jaspinder},
  journal   = {International Journal of Computer Science and Information Technologies},
  volume    = {5},
  number    = {6},
  pages     = {7752--7755},
  year      = {2014},
  publisher = {Citeseer}
}

@inproceedings{Devalal2018,
  title        = {LoRa technology-an overview},
  author       = {Devalal, Shilpa and Karthikeyan, A},
  booktitle    = {2018 second international conference on electronics, communication and aerospace technology (ICECA)},
  pages        = {284--290},
  year         = {2018},
  organization = {IEEE}
}

@inproceedings{Carvalho2017,
  title        = {LoRaWAN—A low power WAN protocol for Internet of Things: A review and opportunities},
  author       = {de Carvalho Silva, Jonathan and Rodrigues, Joel JPC and Alberti, Antonio M and Solic, Petar and Aquino, Andre LL},
  booktitle    = {2017 2nd International multidisciplinary conference on computer and energy science (SpliTech)},
  pages        = {1--6},
  year         = {2017},
  organization = {IEEE}
}

@article{Aslam2019,
  title     = {Exploring multi-hop LoRa for green smart cities},
  author    = {Aslam, Muhammad Shehryar and Khan, Alishba and Atif, Abeera and Hassan, Syed Ali and Mahmood, Aamir and Qureshi, Hassaan Khaliq and Gidlund, Mikael},
  journal   = {IEEE Network},
  volume    = {34},
  number    = {2},
  pages     = {225--231},
  year      = {2019},
  publisher = {IEEE}
}

@inproceedings{Petrariu2021,
  title        = {Sigfox wireless communication enhancement for internet of things: A study},
  author       = {PETRARIU, Adrian Ioan and LAVRIC, Alexandru},
  booktitle    = {2021 12th International Symposium on Advanced Topics in Electrical Engineering (ATEE)},
  pages        = {1--4},
  year         = {2021},
  organization = {IEEE}
}

@article{Beyene2017,
  title     = {NB-IoT technology overview and experience from cloud-RAN implementation},
  author    = {Beyene, Yihenew Dagne and Jantti, Riku and Tirkkonen, Olav and Ruttik, Kalle and Iraji, Sassan and Larmo, Anna and Tirronen, Tuomas and Torsner, Johan},
  journal   = {IEEE wireless communications},
  volume    = {24},
  number    = {3},
  pages     = {26--32},
  year      = {2017},
  publisher = {IEEE}
}

@inproceedings{Abdallah2020,
  title        = {Emergent IoT wireless technologies beyond the year 2020: A comprehensive comparative analysis},
  author       = {Abdallah, Wajih and Mnasri, Sami and Nasri, Nejah and others},
  booktitle    = {2020 International Conference on Computing and Information Technology (ICCIT-1441)},
  pages        = {1--5},
  year         = {2020},
  organization = {IEEE}
}

@inproceedings{Mekki2018,
  title        = {Overview of cellular LPWAN technologies for IoT deployment: Sigfox, LoRaWAN, and NB-IoT},
  author       = {Mekki, Kais and Bajic, Eddy and Chaxel, Frederic and Meyer, Fernand},
  booktitle    = {2018 ieee international conference on pervasive computing and communications workshops (percom workshops)},
  pages        = {197--202},
  year         = {2018},
  organization = {IEEE}
}

@article{Akkaya2005,
  title     = {A survey on routing protocols for wireless sensor networks},
  author    = {Akkaya, Kemal and Younis, Mohamed},
  journal   = {Ad hoc networks},
  volume    = {3},
  number    = {3},
  pages     = {325--349},
  year      = {2005},
  publisher = {Elsevier}
}

@inproceedings{Shrestha2007,
  title        = {A performance comparison of different topologies for wireless sensor networks},
  author       = {Shrestha, Akhilesh and Xing, Liudong},
  booktitle    = {2007 IEEE Conference on Technologies for Homeland Security},
  pages        = {280--285},
  year         = {2007},
  organization = {IEEE}
}

@inproceedings{Juang2002,
  title     = {Energy-efficient computing for wildlife tracking: Design tradeoffs and early experiences with ZebraNet},
  author    = {Juang, Philo and Oki, Hidekazu and Wang, Yong and Martonosi, Margaret and Peh, Li Shiuan and Rubenstein, Daniel},
  booktitle = {Proceedings of the 10th international conference on Architectural support for programming languages and operating systems},
  pages     = {96--107},
  year      = {2002}
}

@inproceedings{Zhang2004,
  title     = {Hardware design experiences in ZebraNet},
  author    = {Zhang, Pei and Sadler, Christopher M and Lyon, Stephen A and Martonosi, Margaret},
  booktitle = {Proceedings of the 2nd international conference on Embedded networked sensor systems},
  pages     = {227--238},
  year      = {2004}
}

@article{Kumar2017,
  title   = {A review of localization and tracking algorithms in wireless sensor networks},
  author  = {Kumar, Sudhir and Hegde, Rajesh M},
  journal = {arXiv preprint arXiv:1701.02080},
  year    = {2017}
}

@article{Ez2016,
  title     = {A comparative study of target tracking approaches in wireless sensor networks},
  author    = {Ez-Zaidi, Asmaa and Rakrak, Said},
  journal   = {Journal of Sensors},
  volume    = {2016},
  year      = {2016},
  publisher = {Hindawi}
}

@article{Ramya2012,
  title     = {A survey on target tracking techniques in wireless sensor networks},
  author    = {Ramya, K and Kumar, K Praveen and Rao, V Srinivas},
  journal   = {International Journal of Computer Science and Engineering Survey},
  volume    = {3},
  number    = {4},
  pages     = {93},
  year      = {2012},
  publisher = {Academy \& Industry Research Collaboration Center (AIRCC)}
}

@inproceedings{Kung2003,
  title        = {Efficient location tracking using sensor networks},
  author       = {Kung, Hsiang-Tsung and Vlah, Dario},
  booktitle    = {2003 IEEE Wireless Communications and Networking, 2003. WCNC 2003.},
  volume       = {3},
  pages        = {1954--1961},
  year         = {2003},
  organization = {IEEE}
}

@article{Zhang2004,
  title     = {DCTC: dynamic convoy tree-based collaboration for target tracking in sensor networks},
  author    = {Zhang, Wensheng and Cao, Guohong},
  journal   = {IEEE Transactions on wireless communications},
  volume    = {3},
  number    = {5},
  pages     = {1689--1701},
  year      = {2004},
  publisher = {IEEE}
}

@article{Lin2006,
  title     = {Efficient in-network moving object tracking in wireless sensor networks},
  author    = {Lin, Chih-Yu and Peng, Wen-Chih and Tseng, Yu-Chee},
  journal   = {IEEE Transactions on Mobile Computing},
  volume    = {5},
  number    = {8},
  pages     = {1044--1056},
  year      = {2006},
  publisher = {IEEE}
}

@article{Tsai2007,
  title     = {Mobile object tracking in wireless sensor networks},
  author    = {Tsai, Hua-Wen and Chu, Chih-Ping and Chen, Tzung-Shi},
  journal   = {Computer communications},
  volume    = {30},
  number    = {8},
  pages     = {1811--1825},
  year      = {2007},
  publisher = {Elsevier}
}

@inproceedings{Tran2006,
  title        = {OCO: Optimized communication \& organization for target tracking in wireless sensor networks},
  author       = {Tran, SP Manh and Yang, T Andrew},
  booktitle    = {IEEE International Conference on Sensor Networks, Ubiquitous, and Trustworthy Computing (SUTC'06)},
  volume       = {1},
  pages        = {428--435},
  year         = {2006},
  organization = {IEEE}
}

@inproceedings{Yang2003,
  title        = {A protocol for tracking mobile targets using sensor networks},
  author       = {Yang, Haiming and Sikdar, Biplab},
  booktitle    = {Proceedings of the First IEEE International Workshop on Sensor Network Protocols and Applications, 2003.},
  pages        = {71--81},
  year         = {2003},
  organization = {IEEE}
}

@article{Chen2004,
  title     = {Dynamic clustering for acoustic target tracking in wireless sensor networks},
  author    = {Chen, Wei-Peng and Hou, Jennifer C and Sha, Lui},
  journal   = {IEEE transactions on mobile computing},
  volume    = {3},
  number    = {3},
  pages     = {258--271},
  year      = {2004},
  publisher = {IEEE}
}

@article{Phoha2005,
  title     = {Space-time coordinated distributed sensing algorithms for resource efficient narrowband target localization and tracking},
  author    = {Phoha, Shashi and Koch, John and Grele, Eric and Griffin, Christopher and Madan, Bharat},
  journal   = {International Journal of Distributed Sensor Networks},
  volume    = {1},
  number    = {1},
  pages     = {81--99},
  year      = {2005},
  publisher = {SAGE Publications Sage UK: London, England}
}

@inproceedings{Pattem2003,
  title        = {Energy-quality tradeoffs for target tracking in wireless sensor networks},
  author       = {Pattem, Sundeep and Poduri, Sameera and Krishnamachari, Bhaskar},
  booktitle    = {Information Processing in Sensor Networks: Second International Workshop, IPSN 2003, Palo Alto, CA, USA, April 22--23, 2003 Proceedings},
  pages        = {32--46},
  year         = {2003},
  organization = {Springer}
}

@article{Bisnik2006,
  title     = {Randomized scheduling algorithms for wireless sensor networks},
  author    = {Bisnik, Nabhendra and Jaggi, Neeraj},
  journal   = {Work in Progress},
  year      = {2006},
  publisher = {Citeseer}
}

@inproceedings{Zahedi2010,
  title        = {Quality tradeoffs in object tracking with duty-cycled sensor networks},
  author       = {Zahedi, Sadaf and Srivastava, Mani B and Bisdikian, Chatschik and Kaplan, Lance M},
  booktitle    = {2010 31st IEEE Real-Time Systems Symposium},
  pages        = {160--169},
  year         = {2010},
  organization = {IEEE}
}

@inproceedings{Costa2020,
  title     = {Enabling wireless ad hoc edge systems with yggdrasil},
  author    = {Costa, Pedro Akos and Rosa, Andr{\'e} and Leit{\~a}o, Jo{\~a}o},
  booktitle = {Proceedings of the 35th Annual ACM Symposium on Applied Computing},
  pages     = {2129--2136},
  year      = {2020}
}

@inproceedings{Costa2018,
  title        = {Practical continuous aggregation in wireless edge environments},
  author       = {Costa, Pedro {\'A}kos and Leit{\~a}o, Jo{\~a}o},
  booktitle    = {2018 IEEE 37th Symposium on Reliable Distributed Systems (SRDS)},
  pages        = {41--50},
  year         = {2018},
  organization = {IEEE}
}

% SOLUTIONS %

@article{Golinski2022,
  title     = {Virtual Fencing Technology for Cattle Management in the Pasture Feeding System—A Review},
  author    = {Goli{\'n}ski, Piotr and Sobolewska, Patrycja and Stefa{\'n}ska, Barbara and Goli{\'n}ska, Barbara},
  journal   = {Agriculture},
  volume    = {13},
  number    = {1},
  pages     = {91},
  year      = {2022},
  publisher = {MDPI}
}

@misc{Oyster,
  title        = {Oyster Edge - Indoor/Outdoor Battery-Powered GPS + Bluetooth Gateway},
  url          = {https://www.digitalmatter.com/devices/oyster-edge/},
  urldate      = {2023-02-07},
  organization = {Digital Matter}
}

@misc{Yabby,
  title        = {Yabby Edge Cellular - Indoor / Outdoor Battery-Powered GPS},
  url          = {https://www.digitalmatter.com/devices/yabby-edge-cellular/},
  urldate      = {2023-02-07},
  organization = {Digital Matter}
}

@misc{Digitanimal,
  title        = {Livestock GPS Trackers | Animal GPS Collars | Livestock Tags},
  url          = {https://digitanimal.com/extensive-farming/?lang=en},
  organization = {digitanimal}
}

@misc{Chipfox,
  title        = {Sigfox GPS IoT Tracker | CHIPFOX},
  url          = {http://chipfox.cz/},
  urldate      = {2023-02-07},
  organization = {Chipfox}
}

@misc{Iotfactory,
  month        = {01},
  title        = {Cow Activity \& GPS Tracker LORAWAN - IOT Factory},
  url          = {https://iotfactory.eu/products/iot-sensors/cow-activity-gps-tracker-lorawan/},
  urldate      = {2023-02-07},
  year         = {2023},
  organization = {IOT Factory}
}

@misc{Nofence,
  title        = {Nofence - World’s first virtual fence for livestock},
  url          = {https://www.nofence.no/en/},
  organization = {www.nofence.no}
}

@misc{Vence,
  title        = {Vence},
  url          = {https://vence.io/},
  organization = {vence.io}
}

@misc{Eshepherd,
  title        = {eShepherd},
  url          = {https://am.gallagher.com/en/new-products/eShepherd},
  organization = {am.gallagher.com}
}

@misc{Halter,
  title        = {Smart Cow Collars},
  url          = {https://halterhq.com/smart-cow-collars},
  urldate      = {2023-02-07},
  organization = {Halter - Welcome to the future of farming}
}

% COWS %

@article{Harris2007,
  title     = {Social associations and dominance of individuals in small herds of cattle},
  author    = {Harris, Norman R and Johnson, Douglas E and McDougald, Neil K and George, Melvin R},
  journal   = {Rangeland Ecology \& Management},
  volume    = {60},
  number    = {4},
  pages     = {339--349},
  year      = {2007},
  publisher = {Elsevier}
}

@article{Vsarova2010,
  title     = {Graded leadership by dominant animals in a herd of female beef cattle on pasture},
  author    = {{\v{S}}{\'a}rov{\'a}, Radka and {\v{S}}pinka, Marek and Panam{\'a}, Jos{\'e} L Arias and {\v{S}}ime{\v{c}}ek, Petr},
  journal   = {Animal Behaviour},
  volume    = {79},
  number    = {5},
  pages     = {1037--1045},
  year      = {2010},
  publisher = {Elsevier}
}

@article{Cromsigt2018,
  title     = {Rewilding Europe's large grazer community: how functionally diverse are the diets of European bison, cattle, and horses?},
  author    = {Cromsigt, Joris PGM and Kemp, Yvonne JM and Rodriguez, Esther and Kivit, Hubert},
  journal   = {Restoration Ecology},
  volume    = {26},
  number    = {5},
  pages     = {891--899},
  year      = {2018},
  publisher = {Wiley Online Library}
}

@article{Araujo2014,
  title     = {Extensive beef cattle production in Portugal},
  author    = {Ara{\'u}jo, JP and Cerqueira, J and Vaz, PS and Andrade, LP and Rodrigues, JPV and Rodrigues, AM},
  journal   = {Proceedings of the International Worskshop “New Updates in Animal Nutrition, Natural Feeding Sources and Environmental Sustainability”},
  pages     = {31--44},
  year      = {2014},
  publisher = {Dipartimento di Agraria, University of Sassari, Italy}
}

@article{Teague2011,
  title     = {Grazing management impacts on vegetation, soil biota and soil chemical, physical and hydrological properties in tall grass prairie},
  author    = {Teague, WR and Dowhower, SL and Baker, SA and Haile, N and DeLaune, PB and Conover, DM},
  journal   = {Agriculture, ecosystems \& environment},
  volume    = {141},
  number    = {3-4},
  pages     = {310--322},
  year      = {2011},
  publisher = {Elsevier}
}