% Encoding: UTF-8

% Gossip Protocol
@misc{Leitao2007,
  author  = {Carlos, João and Leitão, Antunes},
  title   = {Gossip-based broadcast protocols},
  urldate = {2023-01-09},
  year    = {2007}
}

@misc{Karp2000,
  author       = {Karp, Richard and Schindelhauer, Christian and Shenker, Scott and Vocking, B.},
  title        = {Randomized Rumor Spreading},
  url          = {https://www.icsi.berkeley.edu/icsi/node/2087},
  urldate      = {2023-01-14},
  year         = {2000},
  organization = {www.icsi.berkeley.edu}
}

@article{Leitao2012,
  title   = {Topology Management for Unstructured Overlay Networks},
  author  = {Leitao, Joao},
  journal = {Technical University of Lisbon},
  year    = {2012}
}

@inproceedings{Carvalho2007,
  title        = {Emergent structure in unstructured epidemic multicast},
  author       = {Carvalho, Nuno and Pereira, Jose and Oliveira, Rui and Rodrigues, Luis},
  booktitle    = {37th Annual IEEE/IFIP International Conference on Dependable Systems and Networks (DSN'07)},
  pages        = {481--490},
  year         = {2007},
  organization = {IEEE}
}

@misc{Leitao2007Tree,
  author  = {Leitão, João and Pereira, José and Rodrigues, Luís},
  title   = {Epidemic Broadcast Trees},
  urldate = {2023-01-15},
  year    = {2007}
}

@inproceedings{Ganesh2001,
  title        = {Scamp: Peer-to-peer lightweight membership service for large-scale group communication},
  author       = {Ganesh, Ayalvadi J and Kermarrec, Anne-Marie and Massouli{\'e}, Laurent},
  booktitle    = {International Workshop on Networked Group Communication},
  pages        = {44--55},
  year         = {2001},
  organization = {Springer}
}

@inproceedings{Pereira2003,
  title        = {Neem: Network-friendly epidemic multicast},
  author       = {Pereira, Jos{\'e} and do Minho, U and Rodrigues, L and De Lisboa, U and Monteiro, MJ and Oliveira, R and Kermarrec, A-M},
  booktitle    = {22nd International Symposium on Reliable Distributed Systems, 2003. Proceedings.},
  pages        = {15--24},
  year         = {2003},
  organization = {IEEE}
}

@inproceedings{Deshpande2006,
  title        = {Crew: A gossip-based flash-dissemination system},
  author       = {Deshpande, Mayur and Xing, Bo and Lazardis, Iosif and Hore, Bijit and Venkatasubramanian, Nalini and Mehrotra, Sharad},
  booktitle    = {26th IEEE International Conference on Distributed Computing Systems (ICDCS'06)},
  pages        = {45--45},
  year         = {2006},
  organization = {IEEE}
}

@article{Birman2007,
  title     = {The promise, and limitations, of gossip protocols},
  author    = {Birman, Ken},
  journal   = {ACM SIGOPS Operating Systems Review},
  volume    = {41},
  number    = {5},
  pages     = {8--13},
  year      = {2007},
  publisher = {ACM New York, NY, USA}
}

% Wireless Sensor Networks
@article{Wang2010,
  title     = {Wireless sensor networks-an introduction},
  author    = {Wang, Qinghua and Balasingham, Ilangko},
  journal   = {Wireless sensor networks: application-centric design},
  pages     = {1--14},
  year      = {2010},
  publisher = {InTech London, UK}
}

@article{Akyildiz2002,
  title     = {Wireless sensor networks: a survey},
  author    = {Akyildiz, Ian F and Su, Weilian and Sankarasubramaniam, Yogesh and Cayirci, Erdal},
  journal   = {Computer networks},
  volume    = {38},
  number    = {4},
  pages     = {393--422},
  year      = {2002},
  publisher = {Elsevier}
}

@article{Yick2008,
  title     = {Wireless sensor network survey},
  author    = {Yick, Jennifer and Mukherjee, Biswanath and Ghosal, Dipak},
  journal   = {Computer networks},
  volume    = {52},
  number    = {12},
  pages     = {2292--2330},
  year      = {2008},
  publisher = {Elsevier}
}

@article{Lewis2004,
  title     = {Wireless sensor networks},
  author    = {Lewis, Frank L},
  journal   = {Smart environments: technologies, protocols, and applications},
  pages     = {11--46},
  year      = {2004},
  publisher = {Wiley Online Library}
}

@article{Yadav2012,
  title     = {Wireless sensor networks-architectures, protocols, simulators and applications: a survey},
  author    = {Yadav, SGSP and Chitra, A},
  journal   = {International Journal of Electronics and Computer Science Engineering},
  volume    = {1},
  number    = {4},
  pages     = {1941--1953},
  year      = {2012},
  publisher = {Citeseer}
}

@article{Akkaya2005,
  title     = {A survey on routing protocols for wireless sensor networks},
  author    = {Akkaya, Kemal and Younis, Mohamed},
  journal   = {Ad hoc networks},
  volume    = {3},
  number    = {3},
  pages     = {325--349},
  year      = {2005},
  publisher = {Elsevier}
}